<record><leader>00000cas a2200000 a 4500</leader><controlfield tag="001">43813926</controlfield><controlfield tag="007">hd afb018baca</controlfield><controlfield tag="007">hd bfb018baaa</controlfield><controlfield tag="007">hd bfb018baba</controlfield><controlfield tag="008">000410d18731904vauwr nea     0    0eng c</controlfield><datafield ind1=" " ind2=" " tag="010"><subfield code="a">   00221342 </subfield></datafield><datafield ind1=" " ind2=" " tag="040"><subfield code="a">ATL</subfield><subfield code="b">eng</subfield><subfield code="c">ATL</subfield><subfield code="d">OCLCQ</subfield><subfield code="d">OCLCO</subfield></datafield><datafield ind1="1" ind2=" " tag="029"><subfield code="a">AU@</subfield><subfield code="b">000021483253</subfield></datafield><datafield ind1=" " ind2=" " tag="042"><subfield code="a">pcc</subfield></datafield><datafield ind1=" " ind2=" " tag="043"><subfield code="a">n-us---</subfield></datafield><datafield ind1="1" ind2="4" tag="050"><subfield code="a">BX8042.V8</subfield></datafield><datafield ind1="0" ind2="0" tag="245"><subfield code="a">Our church paper</subfield><subfield code="h">[microform].</subfield></datafield><datafield ind1=" " ind2=" " tag="260"><subfield code="a">New Market, Shenandoah County, Va. :</subfield><subfield code="b">Henkel &amp; Calvert,</subfield><subfield code="c">1873-1904.</subfield></datafield><datafield ind1=" " ind2=" " tag="300"><subfield code="a">32 v.</subfield></datafield><datafield ind1=" " ind2=" " tag="310"><subfield code="a">Weekly</subfield></datafield><datafield ind1="0" ind2=" " tag="362"><subfield code="a">Vol. 1, no. 1 (Jan. 3, 1873)-v.32, no. 35 (Aug. 30, 1904).</subfield></datafield><datafield ind1=" " ind2=" " tag="500"><subfield code="a">"Devoted to the interests of the Evangelical Lutheran Church."</subfield></datafield><datafield ind1=" " ind2=" " tag="515"><subfield code="a">Issue numbering irregular.</subfield></datafield><datafield ind1=" " ind2=" " tag="525"><subfield code="a">Supplements accompany some issues.</subfield></datafield><datafield ind1=" " ind2=" " tag="580"><subfield code="a">Publishers also issued children's monthly: Sunday School, -1876 ; and Our Sunday School, 1876-</subfield></datafield><datafield ind1=" " ind2=" " tag="580"><subfield code="a">Merged with: Lutheran visitor (Columbia, S.C.), to form: Lutheran church visitor.</subfield></datafield><datafield ind1=" " ind2=" " tag="533"><subfield code="a">Microfilm.</subfield><subfield code="m">v.1-32 (1873-1904):[Lacks:v.13-29]</subfield><subfield code="b">Evanston, Ill. :</subfield><subfield code="c">American Theological Library Association,</subfield><subfield code="d">1965.</subfield><subfield code="e">4 microfilm reels ; 35 mm.</subfield><subfield code="f">(ATLA serials preservation program ; ATLA film S0096).</subfield></datafield><datafield ind1=" " ind2="0" tag="650"><subfield code="a">Lutheran Church</subfield><subfield code="z">Virginia</subfield><subfield code="v">Newspapers.</subfield></datafield><datafield ind1=" " ind2="0" tag="651"><subfield code="a">New Market (Va.)</subfield><subfield code="v">Newspapers.</subfield></datafield><datafield ind1=" " ind2="0" tag="651"><subfield code="a">Shenandoah Valley (Va.)</subfield><subfield code="v">Newspapers.</subfield></datafield><datafield ind1=" " ind2=" " tag="752"><subfield code="a">United States</subfield><subfield code="b">Virginia</subfield><subfield code="c">Shenandoah</subfield><subfield code="d">New Market.</subfield></datafield><datafield ind1="1" ind2=" " tag="776"><subfield code="c">Original</subfield><subfield code="w">(DLC)sn 93060372</subfield><subfield code="w">(OCoLC)7639232</subfield></datafield><datafield ind1="1" ind2="7" tag="785"><subfield code="t">Lutheran visitor (Columbia, S.C.)</subfield><subfield code="w">(DLC)   00221340</subfield><subfield code="w">(OCoLC)43813099</subfield></datafield><datafield ind1="1" ind2="7" tag="785"><subfield code="t">Lutheran church visitor</subfield><subfield code="w">(DLC)   00221401</subfield><subfield code="w">(OCoLC)43968076</subfield></datafield><datafield ind1="1" ind2=" " tag="787"><subfield code="t">Sunday School (New Market, Va.)</subfield></datafield><datafield ind1="1" ind2=" " tag="787"><subfield code="t">Our Sunday School</subfield></datafield><datafield ind1=" " ind2="0" tag="830"><subfield code="a">ATLA serials preservation program ;</subfield><subfield code="v">ATLA film S0096.</subfield></datafield></record>